% Iris recognition
%%%%%%%%%%%%%%%%%%%%

% Daugman

@incollection{DAUGMAN_IRIS_SIMPLE,
    title = "Chapter 25 - How Iris Recognition Works",
    editor = "Al Bovik",
    booktitle = "The Essential Guide to Image Processing",
    publisher = "Academic Press",
    address = "Boston",
    pages = "715 - 739",
    year = "2009",
    isbn = "978-0-12-374457-9",
    doi = "https://doi.org/10.1016/B978-0-12-374457-9.00025-1",
    url = "http://www.sciencedirect.com/science/article/pii/B9780123744579000251",
    author = "John Daugman",
}

@ARTICLE{DAUGMAN_IRIS_ORIG,  
    author={J. G. {Daugman}},  
    journal={IEEE Transactions on Pattern Analysis and Machine Intelligence},   
    title={High confidence visual recognition of persons by a test of statistical independence},   
    year={1993},  
    volume={15},  
    number={11},  
    pages={1148-1161},  
    doi={10.1109/34.244676}
}

@ARTICLE{DAUGMAN_INFORMATION,  
    author={J. {Daugman}},  
    journal={IEEE Transactions on Information Forensics and Security},   
    title={Information Theory and the IrisCode},   
    year={2016},  
    volume={11},  
    number={2},  
    pages={400-409},  
    doi={10.1109/TIFS.2015.2500196}
}

@article{DAUGMAN_NEW,
  title={New methods in iris recognition},
  author={Daugman, John},
  journal={IEEE Transactions on Systems, Man, and Cybernetics, Part B (Cybernetics)},
  volume={37},
  number={5},
  pages={1167--1175},
  year={2007},
  publisher={IEEE}
}

% Gabor methods

@inproceedings{ma2002iris,
  title={Iris recognition based on multichannel Gabor filtering},
  author={Ma, Lia and Wang, Yunhong and Tan, Tieniu and others},
  booktitle={Proc. Fifth Asian Conf. Computer Vision},
  volume={1},
  pages={279--283},
  year={2002}
}

@inproceedings{yao2006iris,
  title={Iris recognition algorithm using modified log-gabor filters},
  author={Yao, Peng and Li, Jun and Ye, Xueyi and Zhuang, Zhenquan and Li, Bin},
  booktitle={18th International Conference on Pattern Recognition (ICPR'06)},
  volume={4},
  pages={461--464},
  year={2006},
  organization={IEEE}
}

@article{patil2012comparison,
  title={The comparison of iris recognition using principal component analysis, log gabor and gabor wavelets},
  author={Patil, Pravin S and Kolhe, SR and Patil, RV and Patil, PM},
  journal={International Journal of Computer Applications},
  volume={43},
  number={1},
  pages={29--33},
  year={2012},
  publisher={Citeseer}
}


% Iris obfuscation

@inproceedings{BRENDAN_BLUR,
    author = {John, Brendan and Koppal, Sanjeev and Jain, Eakta},
    title = {EyeVEIL: Degrading Iris Authentication in Eye Tracking Headsets},
    year = {2019},
    isbn = {9781450367097},
    publisher = {Association for Computing Machinery},
    address = {New York, NY, USA},
    url = {https://doi.org/10.1145/3314111.3319816},
    doi = {10.1145/3314111.3319816},
    booktitle = {Proceedings of the 11th ACM Symposium on Eye Tracking Research \& Applications},
    articleno = {37},
    numpages = {5},
    keywords = {mixed reality, security, eye tracking, iris recognition},
    location = {Denver, Colorado},
    series = {ETRA '19}
}

@ARTICLE{BRENDAN_ARTICLE,  
    author={B. {John} and S. {Jörg} and S. {Koppal} and E. {Jain}}, journal={IEEE Transactions on Visualization and Computer Graphics},   
    title={The Security-Utility Trade-off for Iris Authentication and Eye Animation for Social Virtual Avatars},   
    year={2020},  volume={26},  
    number={5},  
    pages={1880-1890},  
    doi={10.1109/TVCG.2020.2973052}
}

@inproceedings{BRENDAN_SNOW,
    author = {John, Brendan and Liu, Ao and Xia, Lirong and Koppal, Sanjeev and Jain, Eakta},
    title = {Let It Snow: Adding Pixel Noise to Protect the User’s Identity},
    year = {2020},
    isbn = {9781450371353},
    publisher = {Association for Computing Machinery},
    address = {New York, NY, USA},
    url = {https://doi.org/10.1145/3379157.3390512},
    doi = {10.1145/3379157.3390512},
    abstract = {Optical eye trackers record images of the eye to estimate the gaze direction. These images contain the iris of the user. While useful for authentication, these images can be used for a spoofing attack if stolen. We propose to use pixel noise to break the iris signature while retaining gaze estimation. In this paper, we present an algorithm to add “snow” to the eye image and evaluate the privacy-utility tradeoff for the choice of noise parameter.},
    booktitle = {ACM Symposium on Eye Tracking Research and Applications},
    articleno = {43},
    numpages = {3},
    keywords = {Privacy, Eye-Tracking, Iris Recognition},
    location = {Stuttgart, Germany},
    series = {ETRA '20 Adjunct}
}

@INPROCEEDINGS{IRIS_OBF,  
    author={S. {Thavalengal} and R. {Vranceanu} and R. G. {Condorovici} and P. {Corcoran}},  
    booktitle={IEEE International Joint Conference on Biometrics},   
    title={Iris pattern obfuscation in digital images},   
    year={2014},  
    volume={},  
    number={},  
    pages={1-8},  
    doi={10.1109/BTAS.2014.6996276}
}

% EU
%%%%%

@misc{eu-gdpr,
  author={{Council of European Union}},
  title={Council regulation ({EU}) no 2016/679},
  subtitle={on the protection of natural persons with regard to the processing of personal data and on the free movement of such data, and repealing Directive 95/46/EC (General Data Protection Regulation)},
  year={2016},
}

% Eye privacy
%%%%%%%%%%%%%

@inproceedings{differential-general,
    author = {Liu, Ao and Xia, Lirong and Duchowski, Andrew and Bailey, Reynold and Holmqvist, Kenneth and Jain, Eakta},
    title = {Differential Privacy for Eye-Tracking Data},
    year = {2019},
    isbn = {9781450367097},
    publisher = {Association for Computing Machinery},
    address = {New York, NY, USA},
    url = {https://doi.org/10.1145/3314111.3319823},
    doi = {10.1145/3314111.3319823},
    booktitle = {Proceedings of the 11th ACM Symposium on Eye Tracking Research \& Applications},
    articleno = {28},
    numpages = {10},
    location = {Denver, Colorado},
    series = {ETRA '19}
}

@inproceedings{privaceye,
    author = {Steil, Julian and Koelle, Marion and Heuten, Wilko and Boll, Susanne and Bulling, Andreas},
    title = {PrivacEye: Privacy-Preserving Head-Mounted Eye Tracking Using Egocentric Scene Image and Eye Movement Features},
    year = {2019},
    isbn = {9781450367097},
    publisher = {Association for Computing Machinery},
    address = {New York, NY, USA},
    url = {https://doi.org/10.1145/3314111.3319913},
    doi = {10.1145/3314111.3319913},
    booktitle = {Proceedings of the 11th ACM Symposium on Eye Tracking Research \& Applications},
    articleno = {26},
    numpages = {10},
    location = {Denver, Colorado},
    series = {ETRA '19}
}

@inproceedings{differential-general-two,
    author = {Steil, Julian and Hagestedt, Inken and Huang, Michael Xuelin and Bulling, Andreas},
    title = {Privacy-Aware Eye Tracking Using Differential Privacy},
    year = {2019},
    isbn = {9781450367097},
    publisher = {Association for Computing Machinery},
    address = {New York, NY, USA},
    url = {https://doi.org/10.1145/3314111.3319915},
    doi = {10.1145/3314111.3319915},
    booktitle = {Proceedings of the 11th ACM Symposium on Eye Tracking Research \& Applications},
    articleno = {27},
    numpages = {9},
    keywords = {eye movements, privacy protection, gaze behaviour, data sharing, user modeling, online survey},
    location = {Denver, Colorado},
    series = {ETRA '19}
}