
@book{methodology,
    title = {Eye Tracking Methodology},
    author = {Andrew T. Duchowski},
    doi = {10.1007/978-3-319-57883-5},
    isbn = {9783319578811},
    year = {2017},
    publisher = {Springer International Publishing},
}

@online{freepik,
    title = "Freepik",
    url  = "freepik.com",
    addendum = "(accessed: 16.11.2020)",
}

@article{shannon1948mathematical,
  title={A mathematical theory of communication},
  author={Shannon, Claude E},
  journal={The Bell system technical journal},
  volume={27},
  number={3},
  pages={379--423},
  year={1948},
  publisher={Nokia Bell Labs}
}